% This file is automatically generated.
% DON'T MODIFY THIS FILE.  All modifications will be erased.
% If you want to edit any entry in this file, please copy the entry
% (e.g., Nau04book) to another bib file (e.g., ref-edit-by-anyone.bib),
% and then give it a new name (e.g., myNau04book).

% Conferences

@string{aaai={AAAI}}
@string{aamas={AAMAS}}
@string{aimsa={AIMSA}}
@string{aips={AIPS}}
@string{bothai={AAAI/IAAI Proceedings}}
@string{cp={CP}}
@string{ecai={ECAI}}
@string{eccbr={ECCBR}}
@string{ecp={ECP}}
@string{ewsp={EWSP}}
@string{iaai={IAAI}}
@string{icaps={ICAPS}}
@string{iccbr={ICCBR}}
@string{icml={ICML}}
@string{icra={ICRA}}
@string{ijcai={IJCAI}}
@string{iswc={ISWC}}
@string{kr={KR}}
@string{uai={UAI}}

% Journals

@string{admath={Annals of Discrete Math.}}
@string{adrob={Advanced Robotics Jour.}}
@string{ai={Artif. Intel.}}
@string{aicom={AI Communications}}
@string{aimag={AI Magazine}}
@string{amai={Annals of Math. & AI}}
@string{cacm={CACM}}
@string{ci={Comp. Intel.}}
@string{compint={Comp. Intel.}}
@string{expsys={Expert Systems}}
@string{heuristics={Jour. of Heuristics}}
@string{ijrr={Internat. Jour. Robotics Research}}
@string{infocomp={Info. & Comp.}}
@string{intsys={IEEE Intelligent Systems}}
@string{jacm={JACM}}
@string{jair={JAIR}}
@string{jar={Jour. of Automated Reasoning}}
@string{jlogicprog={Jour. of Logic Prog.}}
@string{roba={IEEE Trans. Robotics and Automation}}
@string{siamjc={SIAM Jour. on Computing}}
@string{vldb={VLDB}}
@string{websemanics={Jour. of Web Semantics}}

% Book series

@string{lnai={Lecture Notes in AI}}
@string{lncs={Lecture Notes in CS}}



@inproceedings{mybib:Dresner07Sharing,
    Author = {Kurt Dresner and Peter Stone},
    Booktitle = {{IJCAI}},
    Title = {Sharing the Road: Autonomous Vehicles Meet Human Drivers},
    Year = {2007},
}


@misc{mybib:Darpa07Urban,
    Author = {{DARPA}},
    Howpublished = {\url{http://www.darpa.mil/grandchallenge}},
    Title = {{DARPA Urban Challenge}},
    Year = {2007}}

