%% This BibTeX bibliography file was created using BibDesk.
%% http://bibdesk.sourceforge.net/


%% Created for Tsz-Chiu Au at 2013-10-10 07:33:52 +0900 


%% Saved with string encoding Unicode (UTF-8) 


@string{aaai = {Proceedings of the National Conference on Artificial Intelligence (AAAI)}}

@string{aamas = {Proceedings of the International Joint Conferenceon Autonomous Agents and Multi Agent Systems (AAMAS)}}

@string{admath = {Annals of Discrete Mathematics}}

@string{adrob = {Advanced Robotics Journal}}

@string{ai = {Artificial Intelligence}}

@string{aicom = {AI Communications}}

@string{aimag = {AI Magazine}}

@string{aimsa = {Artificial Intelligence: Methodology, Systems, and Applications (AIMSA)}}

@string{aips = {Proceedings of the International Conference on AI Planning Systems (AIPS)}}

@string{amai = {Annals of Mathematics and Artificial Intelligence}}

@string{bothai = {AAAI/IAAI Proceedings}}

@string{cacm = {Communications of the ACM}}

@string{ci = {Computational Intelligence}}

@string{compint = {Computational Intelligence}}

@string{cp = {Proceedings of the International Conference on Principles and Practice of Constraint Programming (CP)}}

@string{ecai = {Proceedings of the European Conference on Artificial Intelligence (ECAI)}}

@string{eccbr = {Proceedings of the European Conference on Case-Based Reasoning (ECCBR)}}

@string{ecp = {Proceedings of the European Conference on Planning (ECP)}}

@string{ewsp = {Proceedings of the European Workshop on Planning (EWSP)}}

@string{expsys = {Expert Systems}}

@string{heuristics = {Journal of Heuristics}}

@string{iaai = {Proceedings of the Innovative Applications of Artificial Intelligence Conference (IAAI)}}

@string{icaps = {International Conference on Automated Planning and Scheduling (ICAPS)}}

@string{iccbr = {Proceedings of the International Conference on Case-Based Reasoning (ICCBR)}}

@string{icmas = {International Conference on MultiAgent Systems}}

@string{icml = {Proceedings of the International Conference on Machine Learning (ICML)}}

@string{icra = {IEEE International Conference on Robotics and Automation (ICRA)}}

@string{ijcai = {Proceedings of the International Joint Conference on Artificial Intelligence (IJCAI)}}

@string{ijrr = {International Journal of Robotics Research}}

@string{infocomp = {Information and Computation}}

@string{intsys = {IEEE Intelligent Systems}}

@string{iros = {IEEE/RSJ International conference on Intelligent Robots and Systems}}

@string{iswc = {International Semantic Web Conference (ISWC)}}

@string{jacm = {Journal of the ACM}}

@string{jair = {Journal of Artificial Intelligence Research (JAIR)}}

@string{jar = {Journal of Automated Reasoning}}

@string{jasss = {Journal of Artificial Societies and Social Simulation}}

@string{jlogicprog = {The Journal of Logic Programming}}

@string{jmlr = {Journal of Machine Learning Research}}

@string{kdd = {Knowledge Discovery and Data Mining}}

@string{kr = {Proceedings of the International Conference on Knowledge Representation and Reasoning (KR)}}

@string{lnai = {Lecture Notes in Artificial Intelligence (LNAI)}}

@string{lncs = {Lecture Notes in Computer Science (LNCS)}}

@string{roba = {IEEE Transactions on Robotics and Automation}}

@string{siamjc = {SIAM, Journal on Computing}}

@string{uai = {Proceedings of the Conference on Uncertainty in Artificial Intelligence (UAI)}}

@string{vldb = {The International Journal on Very Large Data Bases}}

@string{websemanics = {Journal of Web Semantics}}



@article{bib:Dresner08Multiagent,
	Author = {Kurt Dresner and Peter Stone},
	Journal = jair,
	Month = {March},
	Title = {A Multiagent Approach to Autonomous Intersection Management},
	Year = {2008},
}


@article{bib:Fajardo12Automated,
	Author = {David Fajardo and Tsz-Chiu Au and S. Travis Waller and Peter Stone and C. Y. David Yang},
	Journal = {Transportation Research Record : Journal of the Transportation Research Board},
	Number = {2259},
	Pages = {223--232},
	Title = {Automated Intersection Control: Performance of a Future Innovation Versus Current Traffic Signal Control},
	Year = {2012},
}
