% This file is automatically generated.
% DON'T MODIFY THIS FILE.  All modifications will be erased.
% If you want to edit any entry in this file, please copy the entry
% (e.g., Nau04book) to another bib file (e.g., ref-edit-by-anyone.bib),
% and then give it a new name (e.g., myNau04book).

% Conferences

@string{aaai={AAAI}}
@string{aamas={AAMAS}}
@string{aimsa={AIMSA}}
@string{aips={AIPS}}
@string{bothai={AAAI/IAAI Proceedings}}
@string{cp={CP}}
@string{ecai={ECAI}}
@string{eccbr={ECCBR}}
@string{ecp={ECP}}
@string{ewsp={EWSP}}
@string{iaai={IAAI}}
@string{icaps={ICAPS}}
@string{iccbr={ICCBR}}
@string{icml={ICML}}
@string{icra={ICRA}}
@string{ijcai={IJCAI}}
@string{iswc={ISWC}}
@string{kr={KR}}
@string{uai={UAI}}

% Journals

@string{admath={Annals of Discrete Math.}}
@string{adrob={Advanced Robotics Jour.}}
@string{ai={Artif. Intel.}}
@string{aicom={AI Communications}}
@string{aimag={AI Magazine}}
@string{amai={Annals of Math. & AI}}
@string{cacm={CACM}}
@string{ci={Comp. Intel.}}
@string{compint={Comp. Intel.}}
@string{expsys={Expert Systems}}
@string{heuristics={Jour. of Heuristics}}
@string{ijrr={Internat. Jour. Robotics Research}}
@string{infocomp={Info. & Comp.}}
@string{intsys={IEEE Intelligent Systems}}
@string{jacm={JACM}}
@string{jair={JAIR}}
@string{jar={Jour. of Automated Reasoning}}
@string{jlogicprog={Jour. of Logic Prog.}}
@string{roba={IEEE Trans. Robotics and Automation}}
@string{siamjc={SIAM Jour. on Computing}}
@string{vldb={VLDB}}
@string{websemanics={Jour. of Web Semantics}}

% Book series

@string{lnai={Lecture Notes in AI}}
@string{lncs={Lecture Notes in CS}}

@article{bib:Dearden97abstraction,
  author = {Richard Dearden and Craig Boutilier},
  title = {Abstraction and approximate decision-theoretic planning},
  journal = ai,
  volume = {89},
  number = {1--2},
  pages = {219--283},
  year = {1997},
}

@article{bib:Kushmerick95ProbPlanning,
  author = {Nicholas Kushmerick and Steve Hanks and Daniel S. Weld},
  title = {An algorithm for probabilistic planning},
  journal = ai,
  volume = {75},
  number = {1--2},
  pages = {239--286},
  year = {1995},
}

@article{bib:Younes05probabilistic,
  author = {H{\o{a}}kan L. S. Younes and Michael L. Littman and David Weissman and John Asmuth},
  title = {The First Probabilistic Track of the International Planning Competition},
  journal = jair,
  volume = {24},
  pages = {851--887},
  year = {2005},
}

@article{bib:Little61law,
  title = {{A Proof for the Queuing Formula: $L=\lambda W$}},
  author = {Little, John D. C.},
  journal = {Operations Research},
  volume = {9},
  number = {3},
  pages = {383--387},
  ISSN = {0030364X},
  abstract = {In a queuing process, let 1/λ be the mean time between the arrivals of two consecutive units, L be the mean number of units in the system, and W be the mean time spent by a unit in the system. It is shown that, if the three means are finite and the corresponding stochastic processes strictly stationary, and, if the arrival process is metrically transitive with nonzero mean, then L=λ W.},
  year = {1961},
  publisher = {INFORMS},    
}

@misc{mybib:Darpa07Urban,
    Author = {{DARPA}},
    Howpublished = {\url{http://www.darpa.mil/grandchallenge}},
    Title = {{DARPA Urban Challenge}},
    Year = {2007}}

@inproceedings{bib:Jerath10adaptive,
    Author = {Kshitij Jerath and Sean N. Brennan},
    Booktitle = {AVEC'10},
    Title = {Adaptive Cruise Control: Towards higher traffic flows, at the cost of increased susceptibility to congestion},
    Year = {2010},
}


@inproceedings{mybib:Dresner07Sharing,
    Author = {Kurt Dresner and Peter Stone},
    Booktitle = {{IJCAI}},
    Title = {Sharing the Road: Autonomous Vehicles Meet Human Drivers},
    Year = {2007},
}


